@online{go_gcguide_2022, 
    title = {A Guide to the Go Garbage Collector},
    url = {https://tip.golang.org/doc/gc-guide},
    urldate = {2023-10-09},
}

@online{go_gckeynote_2018, 
    title = {Getting to Go: The Journey of Go's Garbage Collector},
    url = {https://go.dev/blog/ismmkeynote},
    urldate = {2023-10-09},
}

@online{ocmal_gc_unknown, 
    title = {Garbage Collection},
    url = {https://ocaml.org/docs/garbage-collection},
    urldate = {2023-10-09},
}

@online{python_gclib_2023, 
    title = {gc - Garbage Collector interface},
    url = {https://docs.python.org/3.13/library/gc.html},
    urldate = {2023-10-09},
}

@online{python_gcdesign_2023, 
    title = {Garbage collector design},
    url = {https://devguide.python.org/internals/garbage-collector/index.html},
    urldate = {2023-10-09},
}
